@electronic{ANCONS,
    title        = {AnimeCons.com - {A}nime {C}onventions and {G}uests},
    howpublished = {Web},
    organization = {AnimeCons},
    year         = {2015},
    owner        = {sroberson},
    timestamp    = {2016.07.21},
}

@electronic{ARCADIA,
    title        = {Results - {A}rcadia {F}estival of {B}ands},
    howpublished = {Web},
    month        = {November},
    organization = {Wold of Pageantry},
    url          = {http://worldofpageantry.com/forums/viewtopic.php?f=1&t=19809},
    year         = {2011},
    owner        = {sroberson},
    timestamp    = {2016.08.05},
}

@article{Barn-JORVQ,
    author  = {Christopher F. Barnes and Richard L. Frost},
    title   = {Residual Vector Quantizers with Jointly Optimized Code Books},
    journal = {Advances in Electronics and Electron Physics},
    year    = {1992},
    volume  = {84},
    pages   = {1--59},
}

@article{einstein,
    title   = {{Zur Elektrodynamik bewegter K{\"o}rper}. ({German})
               [{On} the electrodynamics of moving bodies]},
    author  = {Albert Einstein},
    journal = {Annalen der Physik},
    year    = {1905},
    number  = {10},
    pages   = {891--921},
    volume  = {322},
    doi     = {http://dx.doi.org/10.1002/andp.19053221004},
}

@book{REALCAR,
    title     = {Real Analysis},
    author    = {Neal Carothers},
    publisher = {Cambridge University Press},
    year      = {2000},
}

@article{WAGFJ,
    author  = {George T. Gilbert and Rhonda L. Hatcher},
    title   = {Wagering in Final Jeopardy!},
    journal = {Mathematics Magazine},
    year    = {1994},
    volume  = {67},
    number  = {4},
    pages   = {268-277},
    month   = {October},
}